\RequirePackage{filecontents}
\begin{filecontents*}{nominal.bib}
@article{huyghe2020s,
	title={What’s in an agent?},
	author={Huyghe, Richard and Wauquier, Marine},
	journal={Morphology},
	volume={30},
	number={3},
	pages={185--218},
	year={2020},
	publisher={Springer}
}
@misc{uth2015event,
	title={Event and Result Nominals. A Morpho-semantic Approach},
	author={Uth, Melanie},
	year={2015},
	publisher={JSTOR}
}
@book{siloni1997noun,
	title={Noun phrases and nominalizations: The syntax of DPs},
	author={Siloni, Tal},
	volume={31},
	year={1997},
	publisher={Springer Science \& Business Media}
}
@Book{beekamaa1996,
	Title = "Seerluga Afaan Oromoo",
	Author = "Beekamaa, Likkaasaa",
	Address = "Addis Ababa",
	Year = "1996",
	Publisher = "Dhaabbata Maxxansaa Artistick"
}
@senioressay{temesgen1985,
	Title = "The Structure of Independeant and Dependant Sentences in Oromo",
	Author = "Temesgen, Negasa",
	Address = "Addis Ababa",
	Year = "1985",
	Publisher = "Addis Ababa university"
}
@article{huyghe2020s,
  title={What’s in an agent?},
  author={Huyghe, Richard and Wauquier, Marine},
  journal={Morphology},
  volume={30},
  number={3},
  pages={185--218},
  year={2020},
  publisher={Springer}
}
@article{kasper2010agent,
  title={What is an agent supposed to be},
  author={Kasper, Simon and Sprachatlas, Forschungszentrum Deutscher},
  journal={Journal of Pragmatics},
  year={2010}
}
@incollection{siloni1997event,
  title={Event Nominals},
  author={Siloni, Tal},
  booktitle={Noun Phrases and Nominalizations},
  pages={65--107},
  year={1997},
  publisher={Springer}
}
